@article{paperPhis,
      author         = "Aaij, Roel and others",
      title          = "{Updated measurement of time-dependent \textit{CP}-violating
                        observables in $B^{0}_{s}\to J/\psi K^+ K^-$ decays}",
      collaboration  = "LHCb",
      year           = "2019",
      eprint         = "1906.08356",
      archivePrefix  = "arXiv",
      primaryClass   = "hep-ex",
      reportNumber   = "LHCb-PAPER-2019-013; CERN-EP-2019-108",
      SLACcitation   = "%%CITATION = ARXIV:1906.08356;%%"
}

@book{nodos,
	Author = {Manuel Caamacho and Veronika Chobanova and Xabier Cid and Jos{\'e} Edelstein},
	Date-Added = {2018-12-29 19:38:14 +0000},
	Date-Modified = {2018-12-29 19:40:24 +0000},
	Publisher = {Revista Espa{\~n}ola de F{\'\i}sica},
	Title = {Nodos de la F{\'\i}sica},
	Year = {2018}}

@book{lavoura,
	Author = {Gustavo Castelo Branco and Lu{\'i}s Lavoura and Jo{\~a}o Paulo Silva},
	Date-Added = {2018-12-29 19:36:32 +0000},
	Date-Modified = {2018-12-29 19:38:06 +0000},
	Isbn = {9780198716754},
	Lccn = {2014498644},
	Number = {103},
	Publisher = {Oxford Science Publications},
	Series = {International Series of Monographs on Physics},
	Title = {CP Violation},
	Url = {https://books.google.es/books?id=-nOaoAEACAAJ},
	Year = {1990},
	Bdsk-Url-1 = {https://books.google.es/books?id=-nOaoAEACAAJ}}

@book{berni,
	Author = {Bernardo Adeva},
	Date-Added = {2018-12-29 19:30:59 +0000},
	Date-Modified = {2018-12-29 19:31:57 +0000},
	Publisher = {Liberlibro},
	Title = {La teor{\'i}a de unificaci{\'o}n electrod{\'e}bil: curso en nueve lecciones},
	url={http://fpmac116.usc.es/Introduccion_mecanica_cuantica/unificacion_electrodebil.pdf},
	Year = {2017}}


@book{cowan,
  title={Statistical Data Analysis},
  author={Cowan, G.},
  isbn={9780198501558},
  lccn={98014554},
  series={Oxford science publications},
  url={https://books.google.es/books?id=ff8ZyW0nlJAC},
  year={1998},
  publisher={Clarendon Press}
}

@article{km1,
    author = {Kobayashi, Makoto and Maskawa, Toshihide},
    title = {CP-Violation in the Renormalizable Theory of Weak Interaction},
    journal = {Progress of Theoretical Physics},
    volume = {49},
    number = {2},
    pages = {652-657},
    year = {1973},
    month = {02},
    abstract = "{In a framework of the renormalizable theory of weak interaction, problems of CP-violation are studied. It is concluded that no realistic models of CP-violation exist in the quartet scheme without introducing any other new fields. Some possible models of CP-violation are also discussed.}",
    issn = {0033-068X},
    doi = {10.1143/PTP.49.652},
    url = {https://doi.org/10.1143/PTP.49.652},
    eprint = {http://oup.prod.sis.lan/ptp/article-pdf/49/2/652/5257692/49-2-652.pdf},
}


@article{ckmfitter1,
    author= {The CKMfitter Group},
    title= {Updated results on the CKM matrix},
    year={2018},
    url={http://ckmfitter.in2p3.fr/www/results/plots_summer18/num/ckmEval_results_summer18.pdf},
    pages={16},
    month={09}
}


@article{pdg2018,
  title = {Review of Particle Physics},
  author = {Tanabashi, M. and Hagiwara, K. and Hikasa, K. and Nakamura, K. and Sumino, Y. and Takahashi, F. and Tanaka, J. and Agashe, K. and Aielli, G. and Amsler, C. and Antonelli, M. and Asner, D. M. and Baer, H. and Banerjee, Sw. and Barnett, R. M. and Basaglia, T. and Bauer, C. W. and Beatty, J. J. and Belousov, V. I. and Beringer, J. and Bethke, S. and Bettini, A. and Bichsel, H. and Biebel, O. and Black, K. M. and Blucher, E. and Buchmuller, O. and Burkert, V. and Bychkov, M. A. and Cahn, R. N. and Carena, M. and Ceccucci, A. and Cerri, A. and Chakraborty, D. and Chen, M.-C. and Chivukula, R. S. and Cowan, G. and Dahl, O. and D'Ambrosio, G. and Damour, T. and de Florian, D. and de Gouv\^ea, A. and DeGrand, T. and de Jong, P. and Dissertori, G. and Dobrescu, B. A. and D'Onofrio, M. and Doser, M. and Drees, M. and Dreiner, H. K. and Dwyer, D. A. and Eerola, P. and Eidelman, S. and Ellis, J. and Erler, J. and Ezhela, V. V. and Fetscher, W. and Fields, B. D. and Firestone, R. and Foster, B. and Freitas, A. and Gallagher, H. and Garren, L. and Gerber, H.-J. and Gerbier, G. and Gershon, T. and Gershtein, Y. and Gherghetta, T. and Godizov, A. A. and Goodman, M. and Grab, C. and Gritsan, A. V. and Grojean, C. and Groom, D. E. and Grunewald, M. and Gurtu, A. and Gutsche, T. and Haber, H. E. and Hanhart, C. and Hashimoto, S. and Hayato, Y. and Hayes, K. G. and Hebecker, A. and Heinemeyer, S. and Heltsley, B. and Hern\'andez-Rey, J. J. and Hisano, J.},
  collaboration = {Particle Data Group},
  journal = {Phys. Rev. D},
  volume = {98},
  issue = {3},
  pages = {030001},
  numpages = {1898},
  year = {2018},
  month = {08},
  publisher = {American Physical Society},
  doi = {10.1103/PhysRevD.98.030001},
  url = {https://link.aps.org/doi/10.1103/PhysRevD.98.030001}
}



@url{atlasdetector,
  title={ATLAS 3D model detector},
  url={http://cdsweb.cern.ch/record/1095924}
}

@url{alicedetector,
  title={ALICE 3D model detector},
  url={https://wikihost.uib.no/ift/index.php/File:Alice.gif}
}

@url{lhcbdetector,
  title={LHCb 3D model detector},
  url={http://lhcb-public.web.cern.ch/lhcb-public/en/lhcb-outreach/multimedia/}
}

@url{cmsdetector,
  title={CMS 3D SketchUp detector},
  url={https://twiki.cern.ch/twiki/bin/view/CMSPublic/SketchUpCMS}
}

@url{lhcpathearth,
  title={LHC map projection},
  url={https://phys.org/news/2019-01-cern-vision-next-generation-particle-collider.html}
}


@article{santos2017ipanema,
  title={Ipanema-$\beta$: tools and examples for HEP analysis on GPU},
  author={Santos, Diego Mart{\'i}nez and Cartelle, Paula {\'A}lvarez and Borsato, Martino and Chobanova, Verónica and Pardi{\~n}as, Julián Garc{\'i}a and Mart{\'i}nez, Miriam Lucio and Pernas, Miguel Ramos},
  journal={arXiv},
  year={2017},
  url={https://arxiv.org/abs/1706.01420}
}


@article{Clemencic_2011,
	doi = {10.1088/1742-6596/331/3/032023},
	url = {https://doi.org/10.1088%2F1742-6596%2F331%2F3%2F032023},
	year = 2011,
	month = {12},
	publisher = {{IOP} Publishing},
	volume = {331},
	number = {3},
	pages = {032023},
	author = {M Clemencic and G Corti and S Easo and C R Jones and S Miglioranzi and M Pappagallo and P Robbe and},
	title = {The {LHCb} Simulation Application, Gauss: Design, Evolution and Experience},
	journal = {Journal of Physics: Conference Series},
	abstract = {The LHCb simulation application, Gauss, is based on the Gaudi framework and on experiment basic components such as the Event Model and Detector Description. Gauss also depends on external libraries for the generation of the primary events (PYTHIA 6, EvtGen, etc.) and on GEANT4 for particle transport in the experimental setup. The application supports the production of different types of events from minimum bias to B physics signals and particle guns. It is used for purely generator-level studies as well as full simulations. Gauss is used both directly by users and in massive central productions on the grid. The design and implementation of the application and its evolution due to evolving requirements will be described as in the case of the recently adopted Python-based configuration or the possibility of taking into account detectors conditions via a Simulation Conditions database. The challenge of supporting at the same time the flexibililty needed for the different tasks for which it is used, from evaluation of physics reach to background modeling, together with the stability and reliabilty of the code will also be described.}
}

@article{bellm2013herwig++,
  title={HERWIG++ 2.7 release note},
  author={Bellm, J and Gieseke, S and Grellscheid, D and Papaefstathiou, A and Platzer, S and Richardson, P and Rohr, C and Schuh, T and Seymour, MH and Si{\'o}dmok, A and others},
  journal={arXiv preprint arXiv:1310.6877},
  year={2013}
}

@article{sjostrand2015introduction,
  title={An introduction to PYTHIA 8.2},
  author={Sj{\"o}strand, Torbj{\"o}rn and Ask, Stefan and Christiansen, Jesper R and Corke, Richard and Desai, Nishita and Ilten, Philip and Mrenna, Stephen and Prestel, Stefan and Rasmussen, Christine O and Skands, Peter Z},
  journal={Computer physics communications},
  volume={191},
  pages={159--177},
  year={2015},
  publisher={Elsevier}
}

@article{Lange:2001uf,
      author         = {Lange, D. J.},
      title          = {The EvtGen particle decay simulation package},
      booktitle      = {Proceedings, 7th International Conference on B physics
                        at hadron machines (BEAUTY 2000): Maagan, Israel,
                        September 13-18, 2000},
      journal        = {Nucl. Instrum. Meth.},
      volume         = {A462},
      year           = {2001},
      pages          = {152-155},
      doi            = {10.1016/S0168-9002(01)00089-4}
}


@article{Agostinelli:2002hh,
      author         = {Agostinelli, S. and others},
      title          = {GEANT4: A Simulation toolkit},
      collaboration  = {GEANT4},
      journal        = {Nucl. Instrum. Meth.},
      volume         = {A506},
      year           = {2003},
      pages          = {250-303},
      doi            = {10.1016/S0168-9002(03)01368-8},
      reportNumber   = {SLAC-PUB-9350, FERMILAB-PUB-03-339}
}


@article{golonka2006photos,
  title={PHOTOS Monte Carlo: a precision tool for QED correctionsin Z and W decays},
  author={Golonka, Piotr and Was, Zbigniew},
  journal={The European Physical Journal C-Particles and Fields},
  volume={45},
  number={1},
  pages={97--107},
  year={2006},
  publisher={Springer}
}


@article{liu2014penguin,
  title={Penguin pollution in B $\rightarrow$ J/$\psi$ V decays and impact on the extraction of the B s- B{\={}} s mixing phase},
  author={Liu, Xin and Wang, Wei and Xie, Yuehong},
  journal={Physical Review D},
  volume={89},
  number={9},
  pages={094010},
  year={2014},
  publisher={APS}
}

@article{Aaij:1664567,
      author        = {Aaij, Roel and Adeva, Bernardo and Adinolfi, Marco and
                       Affolder, Anthony and Ajaltouni, Ziad and Albrecht,
                       Johannes and Alessio, Federico and Alexander, Michael and
                       Ali, Suvayu and Alkhazov, Georgy},
      title         = {Measurement of resonant and $CP$ components in
                       $\overline{B}_s^0\to J/\psi\pi^+\pi^-$ decays},
      journal       = {Phys. Rev. D},
      collaboration = {LHCb Collaboration},
      number        = {LHCB-PAPER-2013-069. LHCB-PAPER-2013-069.
                       CERN-PH-EP-2014-024},
      volume        = {89},
      pages         = {21},
      month         = {Feb},
      year          = {2014},
      reportNumber  = {LHCB-PAPER-2013-069},
      url           = {https://cds.cern.ch/record/1664567}
}


@article{James:1975dr,
      author         = {James, F. and Roos, M.},
      title          = {Minuit: A System for Function Minimization and Analysis
                        of the Parameter Errors and Correlations}},
      journal        = {Comput. Phys. Commun.},
      volume         = {10},
      year           = {1975},
      pages          = {343-367},
      doi            = {10.1016/0010-4655(75)90039-9},
      reportNumber   = {CERN-DD-75-20}
}

@techreport{Xie:1461783,
      author        = {Xie, Yuehong},
      title         = {Some physics and technical issues in analysis of the
                       decay $B_s \rightarrow J/\psi K^+K^-$},
      institution   = {CERN},
      address       = {Geneva},
      number        = {LHCb-INT-2012-017. CERN-LHCb-INT-2012-017},
      month         = {07},
      year          = {2012},
      reportNumber  = {LHCb-INT-2012-017},
      url           = {https://cds.cern.ch/record/1461783}
}



@article{james1975minuit,
  title={MINUIT: a system for function minimization and analysis of the parameter errors and corrections},
  author={James, Fred and Roos, MINUIT},
  journal={Comput. Phys. Commun.},
  volume={10},
  number={CERN-DD-75-20},
  pages={343--367},
  year={1975},
  publisher={CM-P00059682}
}

@article{fletcher1963rapidly,
  title={A rapidly convergent descent method for minimization},
  author={Fletcher, Roger and Powell, Michael JD},
  journal={The computer journal},
  volume={6},
  number={2},
  pages={163--168},
  year={1963},
  publisher={Oxford University Press}
}

@article{Sakharov:1967dj,
      author         = "Sakharov, A. D.",
      title          = "{Violation of CP Invariance, C asymmetry, and baryon
                        asymmetry of the universe}",
      journal        = "Pisma Zh. Eksp. Teor. Fiz.",
      volume         = "5",
      year           = "1967",
      pages          = "32-35",
      doi            = "10.1070/PU1991v034n05ABEH002497",
      note           = "[Usp. Fiz. Nauk161,no.5,61(1991)]",
      SLACcitation   = "%%CITATION = ZFPRA,5,32;%%"
}

@article{romeroTFG,
      author         = "Romero, M.",
      title          = "{Estudio de observables impares baixo T}",
      journal        = "Trabajo Fin de Grado, USC",
      year           = "2017",
}

@article{maltoni2004status,
  title={Status of global fits to neutrino oscillations},
  author={Maltoni, Michele and Schwetz, Thomas and T{\'o}rtola, Mariam and Valle, Jos{\'e} WF},
  journal={New Journal of Physics},
  volume={6},
  number={1},
  pages={122},
  year={2004},
  publisher={IOP Publishing}
}

@article{bertone2005particle,
  title={Particle dark matter: Evidence, candidates and constraints},
  author={Bertone, Gianfranco and Hooper, Dan and Silk, Joseph},
  journal={Physics reports},
  volume={405},
  number={5-6},
  pages={279--390},
  year={2005},
  publisher={Elsevier}
}

@article{faller2009precision,
  title={Precision physics with B s 0 $\rightarrow$ J/$\psi$ $\phi$ at the LHC: The quest for new physics},
  author={Faller, Sven and Fleischer, Robert and Mannel, Thomas},
  journal={Physical Review D},
  volume={79},
  number={1},
  pages={014005},
  year={2009},
  publisher={APS}
}

@article{liu2014penguin,
  title={Penguin pollution in B $\rightarrow$ J/$\psi$ V decays and impact on the extraction of the B s- B{\={}} s mixing phase},
  author={Liu, Xin and Wang, Wei and Xie, Yuehong},
  journal={Physical Review D},
  volume={89},
  number={9},
  pages={094010},
  year={2014},
  publisher={APS}
}

@article{zhang2013time,
  title={Time-dependent Dalitz-plot formalism for Bq0 $\rightarrow$ J/$\psi$h+ h-},
  author={Zhang, Liming and Stone, Sheldon},
  journal={Physics Letters B},
  volume={719},
  number={4-5},
  pages={383--387},
  year={2013},
  publisher={Elsevier}
}

@book{blatt2012theoretical,
  title={Theoretical Nuclear Physics},
  author={Blatt, J.M. and Weisskopf, V.F.},
  isbn={9780486139500},
  series={Dover Books on Physics},
  url={https://books.google.es/books?id=W7vCAgAAQBAJ},
  year={2012},
  publisher={Dover Publications}
}

@article{kutschke1996angular,
  title={An angular distribution cookbook},
  author={Kutschke, Rob},
  year={1996}
}

@techreport{Adeva:1224241,
      author        = "Adeva, B. and Adinolfi, M. and Affolder, A. and Ajaltounind Zhang, L. and Zhang, Y.",
      title         = "{Road map for selected key measurements from LHCb. Roadmap
                       for selected key measurements of LHCb}",
      institution   = "CERN",
      collaboration = "LHCb Collaboration",
      address       = "Geneva",
      number        = "arXiv:0912.4179. CERN-LHCb-PUB-2009-029",
      month         = "May",
      year          = "2010",
      reportNumber  = "arXiv:0912.4179",
      url           = "https://cds.cern.ch/record/1224241",
      note          = "Comments: 379 pages",
}

@article{Alves:1129809,
      author        = "Alves, A Augusto and Andrade, L M and Barbosa-Ademarlaudo,
                       F and Bediaga, I and Cernicchiaro, G and Guerrer, G and
                       Lima, H P and Machado, A A and Magnin, J and Marujo, F and
                       De Miranda, J M and Reis, A and Santos, A",
      journal       = "JINST",
      collaboration = "LHCb Collaboration",
      number        = "LHCb-DP-2008-001. CERN-LHCb-DP-2008-001",
      volume        = "3",
      pages         = "S08005",
      year          = "2008",
      url           = "http://cds.cern.ch/record/1129809",
      note          = "Also published by CERN Geneva in 2010",
      doi           = "10.1088/1748-0221/3/08/S08005",
}

@article{Head_2014,
	doi = {10.1088/1748-0221/9/09/c09015},
	url = {https://doi.org/10.1088%2F1748-0221%2F9%2F09%2Fc09015},
	year = 2014,
	month = {sep},
	publisher = {{IOP} Publishing},
	volume = {9},
	number = {09},
	pages = {C09015--C09015},
	author = {T Head},
	title = {The {LHCb} trigger system},
	journal = {Journal of Instrumentation},
}

@article{reinsch1967smoothing,
  title={Smoothing by spline functions},
  author={Reinsch, Christian H},
  journal={Numerische mathematik},
  volume={10},
  number={3},
  pages={177--183},
  year={1967},
  publisher={Springer}
}

@url{Weisstein,
  title="B-spline",
  author="Weisstein, Eric W",
  publisher="MathWorld--A Wolfram Web Resource",
  url="http://mathworld.wolfram.com/B-Spline.html",
}

@book{fletcher2000practical,
  title={Practical Methods of Optimization},
  author={Fletcher, R.},
  isbn={9780471494638},
  lccn={87008126},
  series={A Wiley-Interscience publication},
  url={https://books.google.es/books?id=B9UhnwEACAAJ},
  year={2000},
  publisher={Wiley}
}



@article{Aad:2012tfa,
      author         = "Aad, Georges and others",
      title          = "{Observation of a new particle in the search for the
                        Standard Model Higgs boson with the ATLAS detector at the
                        LHC}",
      collaboration  = "ATLAS",
      journal        = "Phys. Lett.",
      volume         = "B716",
      year           = "2012",
      pages          = "1-29",
      doi            = "10.1016/j.physletb.2012.08.020",
      eprint         = "1207.7214",
      archivePrefix  = "arXiv",
      primaryClass   = "hep-ex",
      reportNumber   = "CERN-PH-EP-2012-218",
      SLACcitation   = "%%CITATION = ARXIV:1207.7214;%%"
}


@article{Chatrchyan:2012xdj,
      author         = "Chatrchyan, Serguei and others",
      title          = "{Observation of a new boson at a mass of 125 GeV with the
                        CMS experiment at the LHC}",
      collaboration  = "CMS",
      journal        = "Phys. Lett.",
      volume         = "B716",
      year           = "2012",
      pages          = "30-61",
      doi            = "10.1016/j.physletb.2012.08.021",
      eprint         = "1207.7235",
      archivePrefix  = "arXiv",
      primaryClass   = "hep-ex",
      reportNumber   = "CMS-HIG-12-028, CERN-PH-EP-2012-220",
      SLACcitation   = "%%CITATION = ARXIV:1207.7235;%%"
}


@article{Aaij:2017zgz,
      author         = "Aaij, Roel and others",
      title          = "{Resonances and $CP$ violation in $B_s^0$ and
                        $\overline{B}_s^0 \to J/\psi K^+K^-$ decays in the mass
                        region above the $\phi(1020)$}",
      collaboration  = "LHCb",
      journal        = "JHEP",
      volume         = "08",
      year           = "2017",
      pages          = "037",
      doi            = "10.1007/JHEP08(2017)037",
      eprint         = "1704.08217",
      archivePrefix  = "arXiv",
      primaryClass   = "hep-ex",
      reportNumber   = "CERN-EP-2017-062, LHCB-PAPER-2017-008",
      SLACcitation   = "%%CITATION = ARXIV:1704.08217;%%"
}

@article{baru2005flatte,
  title={Flatte-like distributions and the a 0 (980)/f 0 (980) mesons},
  author={Baru, V and Haidenbauer, J and Hanhart, C and Kudryavtsev, A and Mei{\ss}ner, Ulf-G},
  journal={The European Physical Journal A-Hadrons and Nuclei},
  volume={23},
  number={3},
  pages={523--533},
  year={2005},
  publisher={Springer}
}

@unpublished{CERN-EX-11465,
      title         = "{The decay of a lambda particle in the 32 cm hydrogen
                       bubble chamber}",
      year          = "1960",
      reportNumber  = "CERN-EX-11465",
      url           = "https://cds.cern.ch/record/39474",
}

@article{amhis2017averages,
  title={Averages of b-hadron, c-hadron, and $\tau$-lepton properties as of summer 2016},
  author={Amhis, Y and Banerjee, Sw and Ben-Haim, E and Bernlochner, F and Bozek, A and Bozzi, C and Chrz{\k{a}}szcz, M and Dingfelder, J and Duell, S and Gersabeck, M and others},
  journal={The European Physical Journal C},
  volume={77},
  number={12},
  pages={895},
  year={2017},
  publisher={Springer}
}
